
@Book{Glassermann:2004,
  Title                    = {{Monte Carlo} Methods in Financial Engineering},
  Author                   = {Paul Glasserman},
  Publisher                = {Springer},
  Year                     = {2004},

  Address                  = {New York, NY, USA}
}

@book{Hilpisch:2015,
  title={Derivatives analytics with Python: data analysis, models, simulation, calibration and hedging},
  author={Hilpisch, Yves},
  year={2015},
  publisher={John Wiley \& Sons}
}

@book{Clewlow:1998,
  title={Implementing derivative models},
  author={Clewlow, Les and Strickland, Chris},
  year={1998},
  publisher={Wiley}
}

@unpublished{GaudeckerEconProjectTemplates,
  author = {Hans-Martin von Gaudecker},
  note   = {\url{https://doi.org/10.5281/zenodo.2533241}},
  title  = {Templates for Reproducible Research Projects in Economics},
  year   = {2019}
}
